@BOOK{ogata2010,
  title={Engenharia de controle moderno},
  author={Ogata, Katsuhiko},
  publisher={Pearson Prentice Hall},
  year={2010},
  address={São Paulo},
  edition={5ª},
  note={tradução de Heloísa Coimbra de Souza, revisão técnica de Eduardo Aoun Tannuri, {ISBN} 978-85-7605-810-6}
}
@ARTICLE{jernigan2009, 
	author={S. R. Jernigan and Y. Fahmy and G. D. Buckner}, 
	journal={IEEE Transactions on Education}, 
	title={Implementing a Remote Laboratory Experience Into a Joint Engineering Degree Program: Aerodynamic Levitation of a Beach Ball}, 
	year={2009}, 
	volume={52}, 
	number={2}, 
	pages={205-213},
	doi={10.1109/TE.2008.924217}, 
	ISSN={0018-9359}, 
	month={May},}
@ARTICLE{vertical1946, 
	author={}, 
	journal={Electrical Engineering}, 
	title={Vertical wind tunnel}, 
	year={1946}, 
	volume={65}, 
	number={6}, 
	pages={265-266}, 
	doi={10.1109/EE.1946.6441711}, 
	ISSN={0095-9197}, 
	month={June},}
@ARTICLE{howell2010,
	title = {Wind tunnel and numerical study of a small vertical axis wind turbine},
	journal = {Renewable Energy},
	volume = {35},
	number = {2},
	pages = {412 - 422},
	year = {2010},
	issn = {0960-1481},
	doi = {https://doi.org/10.1016/j.renene.2009.07.025},
	url = {http://www.sciencedirect.com/science/article/pii/S0960148109003048},
	author = {Robert Howell and Ning Qin and Jonathan Edwards and Naveed Durrani},
	keywords = {Wind turbine, VAWT, HAWT, Wind tunnel, CFD}
}
@ARTICLE{chacon2017,
	title={Design of a Low-Cost Air Levitation System for Teaching Control Engineering},
	year={2017},
	author={Chacon J, Saenz J, de la Torre L, Diaz JM, Esquembre F.},
	doi={10.3390/s17102321},
	journal={Sensors (Basel)}
}
@ARTICLE{ita,
	title={Embraer testa aeronaves no túnel de vento do ITA},
	url={http://www.ita.br/noticias/embraertestaaeronavesnotneldeventodoita}
}
@ARTICLE{KWON2001,
	title = "Wind tunnel experiments on Korean high-speed trains using various ground simulation techniques",
	journal = "Journal of Wind Engineering and Industrial Aerodynamics",
	volume = "89",
	number = "13",
	pages = "1179 - 1195",
	year = "2001",
	issn = "0167-6105",
	doi = "https://doi.org/10.1016/S0167-6105(01)00107-6",
	url = "http://www.sciencedirect.com/science/article/pii/S0167610501001076",
	author = "Hyeok-bin Kwon and Young-Whe Park and Dong-ho Lee and Moon-Sang Kim",
}